
%Intro

@misc{wikipedia_diario,
	author = {{Wikipedia}},
	title = {Diario de la Marina},
	year = {2023},
	url = {https://es.wikipedia.org/wiki/Diario_de_la_Marina_(La_Habana)},
}

@misc{lucidea_metadata,
	author = {{Margot Note}},
	title = {Metadata for Archival Collections: Challenges and Opportunities},
	year = {2018},
	url = {https://lucidea.com/blog/metadata-for-archival-collections-challenges-and-opportunities/},
}

@article{ai_assisted,
	author = {S. Ferro and M. Pelillo and A. Traviglia },
	title = {AI-Assisted Digitalisation of Historical Documents},
	journal = {The International Archives of the Photogrammetry, Remote Sensing and Spatial Information Sciences},
	volume = {XLVIII-M-2-2023},
	pages = {557--563},
	year = {2023},
	url = {https://isprs-archives.copernicus.org/articles/XLVIII-M-2-2023/557/2023/},
}
@book{boehm_turner2003,
	author    = {Boehm-Turner},
	title     = {Balancing Agility and Discipline: A Guide for the Perplexed},
	year      = {2003},
	publisher = {Addison-Wesley},
	address   = {Boston, MA}
}

@misc{proposed_llm,
	author = {Ha Dung Nguyen and Thi-Hoang Anh Nguyen and Thanh Binh Nguyen},
	title = {A Proposed Large Language Model-Based Smart Search for Archive System},
	year = {2025},
	howpublished = {arXiv preprint},
	eprint = {2501.07024},
	url = {https://arxiv.org/abs/2501.07024},
	archivePrefix = {arXiv},
	primaryClass = {cs.IR}
}

@misc{enhancing_degraded,
	author = {{Yogish Naik G R}},
	title = {Enhancing Degraded Historical Document Images},
	year = {2023},
	url = {https://ai.renyi.hu/posts/revolutionizing-archival-document-processing-with-ai/},
	note = {Acceso: 5 de abril de 2025}
}

%Capitulo Uno

@inproceedings{xie2023brief,
	title={A Brief Survey of Vector Databases},
	author={Xie, Xinze and Liu, Haotian and Hou, Weijie and Huang, Hong},
	booktitle={2023 9th International Conference on Big Data and Information Analytics (BigDIA)},
	pages={364--371},
	year={2023},
	doi={10.1109/BigDIA60676.2023.00059}
}

@article{han2023comprehensive,
	title={A Comprehensive Survey on Vector Database},
	author={Han, Yifan and Liu, Cheng},
	journal={arXiv preprint arXiv:2310.11703},
	year={2023},
	url={http://arxiv.org/abs/2310.11703}
}

@article{azizi2024vector,
	title={Vector Search on Billion-Scale Data Collections},
	author={Azizi, Iman and Echihabi, Khalid and Palpanas, Themis},
	journal={Proceedings of the VLDB PhD Workshop},
	year={2024},
	url={https://vldb.org/2024/files/phd-workshop-papers/vldb_phd_workshop_paper_id_13.pdf}
}

@misc{sun2024soar,
	title={SOAR: New algorithms for even faster vector search with ScaNN},
	author={Sun, Ping and Guo, Ruohan},
	howpublished={Google Research Blog},
	year={2024},
	url={https://research.google/blog/soar-new-algorithms-for-even-faster-vector-search-with-scann/}
}

@article{jana2014optical,
	author={Jana, R. and Chowdhury, A. R. and Islam, M.},
	title={Optical character recognition from text image},
	journal={International Journal of Computer Applications Technology and Research},
	volume={3},
	number={4},
	pages={239--243},
	year={2014}
}

@article{piryani2025multilocraqa,
	author={Piryani, Behnam and Mozafari, Javad and Abdallah, Ahmed and Doucet, Arnaud and Jatowt, Adam},
	title={MultiOCR-QA: Dataset for evaluating robustness of LLMs in question answering on multilingual OCR texts},
	journal={arXiv preprint arXiv:2502.16781},
	year={2025},
	url={https://arxiv.org/abs/2502.16781}
}

@misc{perezpons2021brief,
	author={Pérez-Pons, M. E. and Parra, J. and Corchado, J. M. and Durán, R. and Queiroz, J. and Leitão, P.},
	title={A brief review on multi-agent system approaches},
	howpublished={ResearchGate},
	year={2021},
	url={http://uvadoc.uva.es/bitstream/handle/10324/62375/meperez_pons_Breve_repaso_a_los_enfoques.pdf}
}

@article{zambrano2020multiagent,
	author={Zambrano, J. and others},
	title={Multi-Agent Systems for the Management of Resources and Activities in Smart Classrooms},
	journal={IEEE Latin America Transactions},
	volume={18},
	number={5},
	pages={1511--1518},
	year={2020},
	url={https://latamt.ieeer9.org/index.php/transactions/article/download/4857/1088}
}

@article{guo2024largelanguage,
	author={Guo, Tianle and others},
	title={Large Language Model based Multi-Agents: A Survey of Progress and Challenges},
	journal={arXiv preprint arXiv:2402.01680},
	year={2024},
	url={https://arxiv.org/abs/2402.01680}
}

@article{gao2024retrievalaugmented,
	author={Gao, Yizhong},
	title={Retrieval-Augmented Generation for Large Language Models: A Survey},
	journal={arXiv preprint arXiv:2312.10997},
	year={2024},
	url={https://arxiv.org/abs/2312.10997}
}

@article{lewis2020retrievalaugmented,
	author={Lewis, Patrick and others},
	title={Retrieval-Augmented Generation for Knowledge-Intensive NLP Tasks},
	journal={arXiv preprint arXiv:2005.11401},
	year={2020},
	url={https://arxiv.org/abs/2005.11401}
}

@article{pressman2010practitioner,
	title={A practitioner’s approach},
	author={Pressman, Roger S and others},
	journal={Software Engineering},
	volume={2},
	pages={41--42},
	year={2010}
}

@article{palli2023analisis,
	author = {Palli, A.},
	title = {La importancia del análisis de requerimientos en el desarrollo de software},
	journal = {PROEFEX},
	year = {2023},
	url = {https://proefexperu.com/}
}

@article{sommerville2011software,
	title={Software engineering (ed.)},
	author={Sommerville, Ian},
	journal={America: Pearson Education Inc},
	year={2011}
}

@article{chanchi2019propuesta,
	title={Propuesta de un videojuego educativo para la ense{\~n}anza-aprendizaje de la clasificaci{\'o}n de requisitos en ingenier{\'\i}a de software},
	author={Chanch{\'\i}, Gabriel El{\'\i}as G and G{\'o}mez, Mar{\'\i}a Clara A and Campo, Wilmar Yesid M},
	journal={Revista Ib{\'e}rica de Sistemas e Tecnologias de Informa{\c{c}}{\~a}o},
	number={E22},
	pages={1--4},
	year={2019},
	publisher={Associa{\c{c}}{\~a}o Ib{\'e}rica de Sistemas e Tecnologias de Informacao}
}

@article{molina2019requisitos,
	title={Los requisitos no funcionales de software. Una estrategia para su desarrollo en el Centro de Inform{\'a}tica M{\'e}dica},
	author={Molina Hern{\'a}ndez, Yenisel and Granda Dihigo, Ailec and Vel{\'a}zquez Cintra, Alionuska},
	journal={Revista Cubana de Ciencias Inform{\'a}ticas},
	volume={13},
	number={2},
	pages={77--90},
	year={2019},
	publisher={Universidad de las Ciencias Inform{\'a}ticas}
}

@article{menzinsky2018historias,
	title={Historias de usuario},
	author={Menzinsky, Alexander and L{\'o}pez, Gertrudis and Palacio, Juan and Sobrino, Miguel {\'A}ngel and {\'A}lvarez, Rub{\'e}n and Rivas, Ver{\'o}nica},
	journal={Ingenier{\'\i}a de requisitos {\'a}gil},
	year={2018}
}

@misc{masson_arquitectura_s_f,
	author = {Masson, J. R.},
	title = {Arquitectura Cliente-Servidor},
	year = {s.f.},
	note = {Recuperado el 30 de abril de 2024},
	url = {https://www.academia.edu/35294361/Arquitectura_Cliente_Servidor}
}

@article{gavilanez2022analisis,
	author    = {Gavilánez Álvarez, Oscar Danilo and Layedra Larrea, Natalia Patricia and Ramos Valencia, María Verónica},
	title     = {Análisis comparativo de Patrones de Diseño de Software},
	journal   = {Polo del Conocimiento: Revista científico - profesional},
	year      = {2022},
	volume    = {7},
	number    = {7},
	pages     = {2146--2165},
	month     = {julio},
	issn      = {2550-682X},
	url       = {https://polodelconocimiento.com/ojs/index.php/es/article/view/4338}
}

@misc{Restackio2025,
	author = {Restackio},
	title = {Component Diagram In Software Engineering},
	year = {2025},
	url = {https://www.restack.io/p/combinatorial-applications-in-software-engineering-answer-component-diagram}
}

@article{github_version_control, 
	title={What is Version Control?}, url={https://github.com/resources/articles/software-development/what-is-version-control}, 
	year={2024} 
}

@article{github_academic, 
	title={Implementing Version Control With Git and GitHub as a Learning Tool}, url={https://www.tandfonline.com/doi/full/10.1080/10691898.2020.1848485}, 
	year={2021} 
}

@article{BeckCunningham,
	author = {Beck, Kent and Cunningham, Ward},
	title = {A Laboratory For Teaching Object-Oriented Thinking},
	year = {1989},
	note = {Disponible en: \url{https://c2.com/doc/oopsla89/paper.html}}
}


@article{VallespCRC,
	author = {Vallespí, D.},
	title = {CRC y un Taller},
	year = {Sin fecha},
	publisher = {Facultad de Ingeniería, Universidad de la República},
	url = {https://www.fing.edu.uy/~dvallesp/wiki/uploads/Research/CRCyT.pdf}
}

@online{langchain2023docs,
	author = {{LangChain Team}},
	title = {LangChain Documentation},
	year = {2023},
	url = {https://python.langchain.com/docs/},
	urldate = {2023-12-01}
}

@online{chatize2023web,
	author = {{Chatize Team}},
	title = {Chatize Website},
	year = {2023},
	url = {https://chatize.io/},
	urldate = {2023-12-01}
}

@article{lewis2020retrieval,
	author = {Lewis, Patrick and Perez, Ethan and Piktus, Aleksandra and Petroni, Fabio and Karpukhin, Vladimir and Goyal, Naman and Küttler, Heinrich and Lewis, Mike and Yih, Wen-tau and Rocktäschel, Tim and Riedel, Sebastian},
	title = {Retrieval-Augmented Generation for Knowledge-Intensive NLP Tasks},
	year = {2020},
	journal = {arXiv preprint},
	eprint = {2005.11401},
	eprinttype = {arXiv},
	url = {https://arxiv.org/abs/2005.11401}
}

@online{haystack2023docs,
	author = {{Haystack Team}},
	title = {Haystack Documentation},
	year = {2023},
	url = {https://haystack.deepset.ai/},
	urldate = {2023-12-01}
}

@online{llamaindex2023web,
	author = {{LlamaIndex Team}},
	title = {LlamaIndex Website},
	year = {2023},
	url = {https://www.llamaindex.ai/},
	urldate = {2023-12-01}
}

@online{textcortex,
	title     = {TextCortex ChatPDF},
	author    = {{TextCortex}},
	year      = {2024},
	url       = {https://textcortex.com/chatpdf},
	note      = {Consultado en abril de 2025}
}

@online{vidnoz,
	title     = {Vidnoz ChatPDF},
	author    = {{Vidnoz}},
	year      = {2024},
	url       = {https://www.vidnoz.com/ai-tools/chat-pdf.html},
	note      = {Consultado en abril de 2025}
}

@online{mymap,
	title     = {MyMap.AI ChatPDF},
	author    = {{MyMap.AI}},
	year      = {2024},
	url       = {https://www.mymap.ai/chatpdf},
	note      = {Consultado en abril de 2025}
}

@online{acrobatai,
	title     = {Adobe Acrobat AI Assistant},
	author    = {{Adobe Inc.}},
	year      = {2024},
	url       = {https://www.adobe.com/acrobat/ai-assistant.html},
	note      = {Consultado en abril de 2025}
}

@misc{langchain2023,
	author = {LangChain Team},
	title = {LangChain Documentation},
	year = {2023},
	url = {https://langchain.readthedocs.io/en/latest/},
	note = {Accedido: 2023-04-05}
}

@misc{langraph2023,
	author = {Langraph Team},
	title = {Langraph Documentation},
	year = {2023},
	url = {https://langraph.readthedocs.io/en/latest/},
	note = {Accedido: 2023-04-05}
}

@misc{faiss2023,
	author = {Facebook AI Research},
	title = {FAISS: A Library for Efficient Similarity Search and Clustering of Dense Vectors},
	year = {2023},
	url = {https://github.com/facebookresearch/faiss},
	note = {Accedido: 2023-04-05}
}

@article{devlin2018bert,
	title={BERT: Pre-training of Deep Bidirectional Transformers for Language Understanding},
	author={Devlin, Jacob and Chang, Ming-Wei and Lee, Kenton and Toutanova, Kristina},
	journal={arXiv preprint arXiv:1810.04805},
	year={2018}
}

@article{reimers2019sentence,
	title={Sentence-BERT: Sentence Embeddings using Siamese BERT-Networks},
	author={Reimers, Nils and Gurevych, Iryna},
	booktitle={Proceedings of the 2019 Conference on Empirical Methods in Natural Language Processing (EMNLP)},
	year={2019}
}

@article{mikolov2013efficient,
	title={Efficient Estimation of Word Representations in Vector Space},
	author={Mikolov, Tomas and Chen, Kai and Corrado, Greg and Dean, Jeffrey},
	booktitle={Proceedings of the International Conference on Learning Representations (ICLR)},
	year={2013}
}

@book{smith2007ocr,
	title={Handbook of Optical Character Recognition and Document Image Analysis},
	author={Smith, R.},
	year={2007},
	publisher={World Scientific Publishing Co. Pte. Ltd.}
}

@misc{agilealliance_xp,
	title = {What is Extreme Programming (XP)?},
	author = {Agile Alliance},
	year = {2017},
	url = {https://www.agilealliance.org/glossary/xp/}
}

@misc{wikipedia_xp,
	title = {Extreme programming},
	author = {Wikipedia contributors},
	year = {2001},
	url = {https://en.wikipedia.org/wiki/Extreme_programming}
}

@misc{drawio,
	author       = {JGraph Ltd},
	title        = {draw.io - Herramienta de Diagramación en Línea},
	year         = {2025},
	url          = {https://www.drawio.com/},
	note         = {Accedido: 6 de abril de 2025}
}

@article{langchain2023langgraph,
	title={LangGraph},
	author={{LangChain}},
	year={2023},
	url={https://www.langchain.com/langgraph}
}

@book{bird2009natural,
	title={Natural Language Processing with Python},
	author={Bird, Steven and Klein, Ewan and Loper, Edward},
	year={2009},
	publisher={O'Reilly Media}
}

@article{spacy2023nlp,
	title={Natural Language Processing With spaCy in Python},
	author={Real Python},
	year={2023},
	url={https://realpython.com/natural-language-processing-spacy-python/}
}

@techreport{iso25010-2023,
	type        = {Standard},
	title       = {{ISO/IEC 25010:2023 -- Systems and software engineering -- Systems and software Quality Requirements and Evaluation (SQuaRE) -- Product quality model}},
	institution = {International Organization for Standardization},
	address     = {Geneva, Switzerland},
	year        = {2023},
	number      = {ISO/IEC 25010:2023},
	url         = {https://www.iso.org/standard/78175.html}
}
@article{turn0search0,
	author    = {Fowler, Martin},
	title     = {Microservices},
	year      = {2014},
	url       = {https://martinfowler.com/articles/microservices.html}
}

@article{turn0search2,
	author    = {Fowler, Martin},
	title     = {Microservice Trade‑Offs},
	year      = {2014},
	url       = {https://martinfowler.com/articles/microservice-trade-offs.html}
}

@misc{turn0search3,
	author    = {Sam Newman and Martin Fowler},
	title     = {When to Use Microservices: Sam Newman and Martin Fowler Share Their Knowledge},
	year      = {2021},
	url       = {https://blog.dreamfactory.com/when-to-use-microservices-sam-newman-and-martin-fowler-share-their-knowledge}
}

@misc{turn0search6,
	author    = {Richardson, Chris},
	title     = {Microservice Patterns},
	year      = {2025},
	url       = {https://microservices.io/patterns/microservices.html}
}

@article{turn0search8,
	author    = {Fowler, Martin},
	title     = {Microservice Testing Strategies},
	year      = {2014},
	url       = {https://martinfowler.com/articles/microservice-testing.html}
}

@misc{turn0search9,
	author    = {Wikipedia},
	title     = {Microservices},
	year      = {2025},
	url       = {https://en.wikipedia.org/wiki/Microservices}
}

@misc{turn0search1,
	author    = {GraphApp.ai},
	title     = {Martin Fowler’s Insights on Microservices: A Comprehensive Guide},
	year      = {2025},
	url       = {https://www.graphapp.ai/blog/martin-fowler-s-insights-on-microservices-a-comprehensive-guide}
}

@misc{turn1search0,
	author    = {Microsoft},
	title     = {Why a microservices architecture?},
	year      = {2021},
	url       = {https://learn.microsoft.com/en-us/dotnet/architecture/microservices/architect-microservice-container-applications/microservices-architecture}
}

@misc{turn1search4,
	author    = {Microsoft},
	title     = {Microservices assessment and readiness},
	year      = {2024},
	url       = {https://learn.microsoft.com/en-us/azure/architecture/guide/technology-choices/microservices-assessment}
}

@misc{turn1search8,
	author    = {Microsoft},
	title     = {What are Microservices?},
	year      = {2022},
	url       = {https://learn.microsoft.com/en-us/devops/deliver/what-are-microservices}
}

@article{Codd1970,
	author    = {Codd, E. F.},
	title     = {A Relational Model of Data for Large Shared Data Banks},
	journal   = {Communications of the ACM},
	volume    = {13},
	number    = {6},
	pages     = {377--387},
	year      = {1970}
}

@book{Silberschatz2019,
	author    = {Silberschatz, A. and Korth, H. F. and Sudarshan, S.},
	title     = {Database System Concepts},
	edition   = {7th},
	publisher = {McGraw-Hill},
	year      = {2019},
	isbn      = {9780078022159}
}

@book{ElmasriNavathe2010,
	author    = {Elmasri, R. and Navathe, S. B.},
	title     = {Fundamentals of Database Systems},
	edition   = {6th},
	publisher = {Addison-Wesley},
	year      = {2010},
	isbn      = {9780136086208}
}

@book{Date2003,
	author    = {Date, C. J.},
	title     = {An Introduction to Database Systems},
	edition   = {8th},
	publisher = {Pearson},
	year      = {2003},
	isbn      = {0321197844}
}

@book{ConnollyBegg2014,
	author    = {Connolly, T. and Begg, C.},
	title     = {Database Systems: A Practical Approach to Design, Implementation, and Management},
	edition   = {6th},
	publisher = {Pearson},
	year      = {2014},
	isbn      = {9780132943260}
}

@book{Harrington2015,
	author    = {Harrington, J. L.},
	title     = {Relational Database Design and Implementation: Clearly Explained},
	edition   = {4th},
	publisher = {Morgan Kaufmann},
	year      = {2015},
	isbn      = {9780128043998}
}

@online{IBMReferential,
	author    = {{IBM Documentation Contributors}},
	title     = {Referential integrity},
	year      = {2025},
	url       = {https://www.ibm.com/docs/en/informix-servers/14.10?topic=integrity-referential},
	note      = {Accessed: 2025-05-07}
}

@book{Ambler2003,
	author    = {Ambler, S. W.},
	title     = {Agile Database Techniques: Effective Strategies for the Agile Software Developer},
	publisher = {Wiley},
	year      = {2003},
	isbn      = {0471202835}
}

@standard{ISO9075,
	organization = {ISO/IEC},
	title        = {Information technology -- Database languages -- SQL},
	series       = {ISO/IEC 9075},
	year         = {2016}
}

@inproceedings{Stonebraker2005,
	author    = {Stonebraker, M. and Hellerstein, J. M.},
	title     = {What Goes Around Comes Around},
	booktitle = {Proceedings of the 5th Biennial Conference on Innovative Data Systems Research (CIDR)},
	year      = {2005}
}

@misc{PEP8,
	author = {Guido van Rossum and Barry Warsaw and Nick Coghlan},
	title = {PEP 8 -- Style Guide for Python Code},
	year = {2001},
	howpublished = {\url{https://peps.python.org/pep-0008/}},
}

@misc{PEP257,
	author = {David Goodger},
	title = {PEP 257 -- Docstring Conventions},
	year = {2001},
	howpublished = {\url{https://peps.python.org/pep-0257/}},
}

@misc{AirbnbJS,
	title = {Airbnb JavaScript Style Guide},
	year = {2022},
	howpublished = {\url{https://github.com/airbnb/javascript}},
}

@misc{GoogleJS,
	title = {Google JavaScript Style Guide},
	year = {2022},
	howpublished = {\url{https://google.github.io/styleguide/jsguide.html}},
}

@misc{PEP20,
	author = {Tim Peters},
	title = {PEP 20 -- The Zen of Python},
	year = {2004},
	howpublished = {\url{https://peps.python.org/pep-0020/}},
}

@book{TypeScript,
	title = {Programming TypeScript: Making Your JavaScript Applications Scale},
	author = {Boris Cherny},
	year = {2019},
	publisher = {O'Reilly Media},
}

